<record><leader>00000cas a2200000 a 4500</leader><controlfield tag="001">21953265</controlfield><controlfield tag="008">900702d18801884nyuwr ne      0    0eng c</controlfield><datafield ind1=" " ind2=" " tag="010"><subfield code="a">sn 90066460 </subfield></datafield><datafield ind1=" " ind2=" " tag="040"><subfield code="a">NYS</subfield><subfield code="b">eng</subfield><subfield code="c">NYS</subfield><subfield code="d">OCLCQ</subfield><subfield code="d">NYS</subfield><subfield code="d">OCLCQ</subfield><subfield code="d">OCLCF</subfield><subfield code="d">OCLCO</subfield></datafield><datafield ind1="1" ind2=" " tag="029"><subfield code="a">AU@</subfield><subfield code="b">000020613509</subfield></datafield><datafield ind1=" " ind2=" " tag="042"><subfield code="a">pcc</subfield></datafield><datafield ind1=" " ind2=" " tag="043"><subfield code="a">n-us-ny</subfield></datafield><datafield ind1="0" ind2=" " tag="130"><subfield code="a">Owego weekly blade (Owego, N.Y. : 1880)</subfield></datafield><datafield ind1="1" ind2="0" tag="245"><subfield code="a">Owego weekly blade.</subfield></datafield><datafield ind1=" " ind2=" " tag="260"><subfield code="a">Owego, N.Y. :</subfield><subfield code="b">McCormick &amp; Young,</subfield><subfield code="c">1880-1884.</subfield></datafield><datafield ind1=" " ind2=" " tag="300"><subfield code="a">5 v. :</subfield><subfield code="b">ill. ;</subfield><subfield code="c">57 cm.</subfield></datafield><datafield ind1=" " ind2=" " tag="310"><subfield code="a">Weekly</subfield></datafield><datafield ind1="0" ind2=" " tag="362"><subfield code="a">Vol. 1, no. 1 (Jan. 1, 1880)-v. 5, no. 51 (Dec. 19, 1884).</subfield></datafield><datafield ind1=" " ind2=" " tag="500"><subfield code="a">Other publishers: Owego Blade Company; E.B. Gere.</subfield></datafield><datafield ind1=" " ind2="0" tag="651"><subfield code="a">Owego (N.Y.)</subfield><subfield code="v">Newspapers.</subfield></datafield><datafield ind1=" " ind2="0" tag="651"><subfield code="a">Tioga County (N.Y.)</subfield><subfield code="v">Newspapers.</subfield></datafield><datafield ind1=" " ind2="7" tag="655"><subfield code="a">Newspapers.</subfield><subfield code="2">fast</subfield><subfield code="0">(OCoLC)fst01423814</subfield></datafield><datafield ind1=" " ind2="7" tag="651"><subfield code="a">New York (State)</subfield><subfield code="z">Owego.</subfield><subfield code="2">fast</subfield><subfield code="0">(OCoLC)fst01213044</subfield></datafield><datafield ind1=" " ind2="7" tag="651"><subfield code="a">New York (State)</subfield><subfield code="z">Tioga County.</subfield><subfield code="2">fast</subfield><subfield code="0">(OCoLC)fst01213031</subfield></datafield><datafield ind1=" " ind2=" " tag="752"><subfield code="a">United States</subfield><subfield code="b">New York</subfield><subfield code="c">Tioga</subfield><subfield code="d">Owego.</subfield></datafield><datafield ind1="0" ind2=" " tag="775"><subfield code="t">Owego daily blade</subfield><subfield code="w">(DLC)sn 90066463</subfield><subfield code="w">(OCoLC)21953220</subfield></datafield><datafield ind1="0" ind2="0" tag="785"><subfield code="t">Owego blade</subfield><subfield code="w">(DLC)sn 90066461</subfield><subfield code="w">(OCoLC)21953338</subfield></datafield></record>